@article{janson2001random,
  title={Random graphs},
  author={Janson, S. and Luczak, T. and Kolchin, VF},
  journal={Bull. London Math. Soc},
  volume={33},
  pages={363--383},
  year={2001},
  publisher={Cambridge Univ Press}
}

@article{brown2010some,
  title={Some results for skip-free random walk},
  author={Brown, M. and Pek{\"o}z, E.A. and Ross, S.M.},
  journal={Probability in the Engineering and Informational Sciences},
  volume={24},
  number={04},
  pages={491--507},
  year={2010},
  publisher={Cambridge Univ Press}
}

@book{durrett2010probability,
  title={Probability: theory and examples},
  author={Durrett, R.},
  year={2010},
  publisher={Cambridge University Press}
}

@book{dudley2002real,
  title={Real analysis and probability},
  author={Dudley, R.M.},
  volume={74},
  year={2002},
  publisher={Cambridge University Press}
}

@book{chung2000course,
  title={A course in probability theory},
  author={Chung, K.L.},
  year={2000},
  publisher={Academic press}
}

@book{billingsley2009convergence,
  title={Convergence of probability measures},
  author={Billingsley, P.},
  volume={493},
  year={2009},
  publisher={Wiley-Interscience}
}

@book{billingsley2012probability,
  title={Probability and measure},
  author={Billingsley, P.},
  volume={939},
  year={2012},
  publisher={Wiley}
}

@book{resnick1998probability,
  title={A probability path},
  author={Resnick, S.},
  year={1998},
  publisher={Birkh{\"a}user Boston}
}

@article{frechet1931proof,
  title={A proof of the generalized second-limit theorem in the theory of probability},
  author={Fr{\'e}chet, M. and Shohat, J.},
  journal={Transactions of the American Mathematical Society},
  volume={33},
  number={2},
  pages={533--543},
  year={1931},
  publisher={JSTOR}
}

@article{rao1950generalized,
  title={On the generalized second limit-theorem in the calculus of probabilities},
  author={Rao, KS and Kendall, D.G.},
  journal={Biometrika},
  volume={37},
  number={3-4},
  pages={224--230},
  year={1950},
  publisher={Biometrika Trust}
}

@article{wintner1928konvergenzbegriff,
  title={{\"U}ber den Konvergenzbegriff der mathematischen Statistik},
  author={Wintner, A.},
  journal={Mathematische Zeitschrift},
  volume={28},
  number={1},
  pages={476--480},
  year={1928},
  publisher={Springer}
}